<?xml version="1.0" encoding="UTF-8"?><collection xmlns="http://www.loc.gov/MARC21/slim"><record><leader>00345nam--2200109-i-4500</leader><controlfield tag="001">000046193</controlfield><controlfield tag="002">20161230</controlfield><controlfield tag="005">20161230201045</controlfield><controlfield tag="008">060222s1000------------r-----000-0-eng-d</controlfield><datafield ind1=" " ind2=" " tag="245"><subfield code="a">Van nostrand mathematical studies. vol.15: complex manifolds without potential theory s.s.chern</subfield></datafield><datafield ind1=" " ind2=" " tag="260"><subfield code="a">Princeton, N.J.D.Van Nostrand Co., Inc., 1967</subfield></datafield><datafield ind1=" " ind2=" " tag="852"><subfield code="a">28680</subfield></datafield></record></collection>